
@ARTICLE{ yick:wsn_survey,
AUTHOR = "Jennifer Yick and Biswanath Mukherjee and Dipak Ghosal",
TITLE = "Wireless sensor network survey",
JOURNAL = "Computer Networks",
PAGES = {2292-2330},
YEAR = {2008},
  }

@INPROCEEDINGS{ anastasi:vinedo,
AUTHOR = "Giuseppe Anastasi and Orazio Farruggia and Giuseppe Lo Re and Marco Ortolani",
TITLE = "Monitoring High-Quality Wine Production using Wireless Sensor Networks",
BOOKTITLE = "HICSS'09",
PAGES = {1-7},
YEAR = {2009}, 
}

@INPROCEEDINGS{ simon:sniper,
AUTHOR = "Gyula Simon and Miklós Maróti and Ákos Lédeczi and György Balogh and Branislav Kusy and András Nádas and Gábor Pap and János Sallai and Ken Frampton",
TITLE = "Sensor network-based countersniper system",
BOOKTITLE = "SenSys'04",
PAGES = {1-12},
YEAR = {2004},
}

@ARTICLE{ spasova:wsn_aal,
AUTHOR = "Velislava Spasova and Ivo Lliev",
TITLE = "Computer Vision and Wireless Sensor Networks in Ambient Assisted Living: State of the Art and Challenges", 
JOURNAL = "Journal of Emerging Trends in Computing and Information Sciences", 
PAGES = {585-595}, 
YEAR = {2012},
}

@ARTICLE{ Zhao:wsn_industrial, 
AUTHOR = "Gang Zhao",
TITLE = "Wireless Sensor Networks for Industrial Process Monitoring and Control: A Survey", 
JOURNAL = "Network Protocols and Algorithms", 
PAGES = {46-63}, 
YEAR = {2011},
}

@ARTICLE{ corke:environmental,
AUTHOR = "Peter Corke and Tim Wark and Raja Jurdak and Wen Hu and Philip Valencia and Darren Moore",
TITLE = "Environmental Wireless Sensor Networks",
JOURNAL = "Proceedings of the IEEE",
PAGES = {1903-1917},
YEAR = {2010},
  }
  
@ARTICLE{ hart:esn,
AUTHOR = {Jane K. Hart and Kirk Martinez},
TITLE = {Abstract Environmental Sensor Networks: A revolution in the earth system science?},
JOURNAL = "Earth-Science Reviews", 
PAGES = {177-191},
YEAR = {2006},
}

@ARTICLE{ redondi:laura,
AUTHOR = "Alessandro Redondi and Marco Chirico and Luca Borsani and Matteo Cesana and Marco Tagliasacchi",
TITLE = "An integrated system based on wireless sensor networks for patient monitoring, localization and tracking",
JOURNAL = "Ad Hoc Networks",
PAGES = {39-53},
YEAR = {2013},
  }
 
@ARTICLE{ sun:bordersense,
AUTHOR = "Zhi Sun and Pu Wang and Mehmet C. Vuran and Mznah Al-Rodhaan and Abdullah Al-Dhelaan and Ian F. Akyildiz",
TITLE = "BorderSense: Border patrol through advanced wireless sensor networks",
JOURNAL = "Ad Hoc Networks",
PAGES = {468-477},
YEAR = {2011},
  }
  
@ARTICLE{ ko:healthcare, 
AUTHOR = "JeongGil Ko and Chenyang Lu and Mani B. Srivastava and John A. Stankovic and Andreas Terzis and Matt Welsh",
TITLE = "Wireless Sensor Networks for Healthcare", 
JOURNAL = "Proceedings of the IEEE",
PAGES = {1947-1960},
YEAR = {2010},
}

@MISC{ pc:siaver,
TITLE = "Sistema Integral de Atlas de Riesgos de Veracruz", 
AUTHOR = "Secretaría de Protección Civil del Estado de Veracruz", 
YEAR = {2012},
HOWPUBLISHED = "\url{http://atlasriesgos.proteccioncivilver.gob.mx/atlas/}", 
}

@BOOK{ cenapred:guia,
TITLE = "Guía Básica para la Elaboración de Atlas Estatales y Municipales de Peligros y Riesgos", 
AUTHOR = "Centro Nacional de Prevención de Desastres", 
PUBLISHER = "Sistema Nacional de Protección Civil", 
YEAR = {2006}
}

@MISC{ zigbee:estandar,
TITLE = "ZigBee Specification Overview",
AUTHOR = "ZigBee Alliance", 
YEAR = {2012},
HOWPUBLISHED = "\url{http://www.zigbee.org/Specifications/ZigBee/Overview.aspx}",
}

@MISC { bluetooth:low_energy,
TITLE = "Low Energy | Bluetooth Technology Website", 
AUTHOR = "Bluetooth SIG", 
YEAR = "2013",
HOWPUBLISHED = "\url{http://www.bluetooth.com/Pages/low-energy.aspx}"
}

@MISC { estandar:wirelesshart,
TITLE = "HART Communication Protocol - Wireless HART Technology", 
AUTHOR = "HART Communication Foundation", 
YEAR = "2013", 
HOWPUBLISHED = "\url{http://www.hartcomm.org/protocol/wihart/wireless_technology.html}"
}

@MISC { estandar:6lowpan,
TITLE = "The Wireless Embedded Internet", 
AUTHOR = "Carsten Bormann and Zach Shelby", 
YEAR = {2013}, 
HOWPUBLISHED = "\url{http://6lowpan.net/}"
}

@MISC { dev:mega128rfa1,
TITLE = "ATmega128RFA1", 
AUTHOR = "Atmel Corporation", 
YEAR = {2013}, 
HOWPUBLISHED = "\url{http://www.atmel.com/devices/atmega128rfa1.aspx}"
}

@MISC { dev:antena, 
TITLE = "Ultra Compact Chip Antenna Data Guide", 
AUTHOR = "Linx Technologies", 
YEAR = {2009},
HOWPUBLISHED = "\url{http://www.linxtechnologies.com/resources/data-guides/ant-xxx-chp-x.pdf}"
}

@MISC { dev:regulador, 
TITLE = "LF33AB Very Low Drop Voltage Regulators With Inhibit", 
AUTHOR = "STMicroelectronics", 
YEAR = {2013}, 
HOWPUBLISHED = "\url{http://www.st.com/web/catalog/sense_power/FM142/CL1015/SC312/PF63605}"
}

@MISC { dev:max3232,
TITLE = "MAX3232, 3-V TO 5.5-V Multichannel RS-232 Line Driver/Receiver", 
AUTHOR = "Texas Instruments", 
YEAR = {2004},
HOWPUBLISHED = "\url{http://www.ti.com/general/docs/lit/getliterature.tsp?baseLiteratureNumber=SLLS410&track=no}"
}

@MISC { atmel:bitcloud, 
TITLE = "BitCloud - ZigBee PRO",
AUTHOR = "Atmel Corporation", 
YEAR = {2013}, 
HOWPUBLISHED = "\url{http://www.atmel.com/tools/BITCLOUD-ZIGBEEPRO.aspx}"
} 

@MISC { rel:xbee, 
TITLE = "XBee ZigBee/802.15.4 RF Modules", 
AUTHOR = "Digi International Inc.", 
YEAR = {2013}, 
HOWPUBLISHED = "\url{http://www.digi.com/controls/products/wireless-wired-embedded-solutions/zigbee-rf-modules/zigbee-mesh-module/xbee-zigbee-802154-rf-modules/}"
}


@MISC { rel:x2e, 
TITLE = "ConnectPort X2e for Smart Energy - Enhanced ZigBee Smart Energy Certified IP Gateway", 
AUTHOR = "Digi International Inc.", 
YEAR = {2013}, 
HOWPUBLISHED = "\url{http://www.digi.com/products/wireless-routers-gateways/gateways/connectportx2ese}"
}

@MISC { rel:meshlium, 
TITLE = "Meshlium Xtreme - Wireless Sensor Network 802.15.4 ZigBee Gateway", 
AUTHOR = "Libelium Comunicaciones Distribuidas", 
YEAR = {2013}, 
HOWPUBLISHED = "\url{http://www.libelium.com/products/meshlium/}"
}

@MISC { rel:mib,
TITLE = "MIB600 Ethernet Gateway - Crossbow Technology", 
AUTHOR = "Crossbow Technology", 
YEAR = {2013}, 
HOWPUBLISHED = "\url{http://bullseye.xbow.com:81/Products/productdetails.aspx?sid=179}"
}

@MISC { rel:raven,
TITLE = "AVR Raven", 
AUTHOR = "Atmel Corporation", 
YEAR = {2013}, 
HOWPUBLISHED = "\url{http://www.atmel.com/tools/avrraven.aspx}"
}

@BOOK{ transceiver:design,
TITLE = "Design of Radio-Frequency Transceivers for Wireless Sensor Networks, Wireless Sensor Network: Application - Centric Design",
AUTHOR = "Bo Zhao and Huazhong Yang", 
PUBLISHER = "Yen Kheng Tan", 
YEAR = {2010}
}

@INPROCEEDINGS{ processor:choice,
    author = {Ciarán Lynch},
    title = {Processor choice for wireless sensor networks},
    booktitle = {in REALWSN‘05: Workshop on Real-World Wireless Sensor Networks},
    year = {2005},
    pages = {1--5}
}

@ARTICLE{ harvesting:energy,
    author = {Aman Kansal and Jason Hsu and Sadaf Zahedi and Mani B Srivastava},
    title = {Power management in energy harvesting sensor networks},
    journal = {ACM Transactions on Embedded Computing Systems},
    year = {2006},
    volume = {6},
    pages = {2007}
}

@inproceedings{ ieee:overview,
  author    = {Luca De Nardis and
               Maria-Gabriella Di Benedetto},
  title     = {Overview of the IEEE 802.15.4/4a standards for low data
               rate Wireless Personal Data Networks},
  booktitle = {WPNC},
  year      = {2007},
  pages     = {285-289}
}

@inproceedings {comparative:wireless_protocols,
	author = {Jin-Shyan Lee and Yu-Wei Su and Chung-Chou Shen},
	title = {A comparative study of Wireless Protocols: Bluetooth, UWB, ZigBee, and Wi-Fi},
	booktitle = {Industrial Electronics Society},
	year = {2007},
	pages = {46-51}
}
